@misc{NetworkProtocol,
 title = {http://www.simspark.sourceforge.net/wiki/index.php/Network\_Protocol}
}

@misc{Effectors,
 title = {http://www.simspark.sourceforge.net/wiki/index.php/Effectors}
}

@misc{pythonServer,
 title = {http://www.openbook.galileocomputing.de/python/python\_kapitel\_20\_001.htm}
}

@misc{Models,
 title ={http://www.simspark.sourceforge.net/wiki/index.php/Models}
}

@misc{HU,
 title ={http://www.naoteamhumboldt.de/de/}
}

@misc{drawing,
 title ={https://www.sites.google.com/site/umroboviz/drawing-api}
}
